
@book{reif2009fundamentals,
  title={Fundamentals of statistical and thermal physics},
  author={Reif, Frederick},
  year={2009},
  publisher={Waveland Press}
}


@book{hill1987statistical,
  title={Statistical Mechanics},
  author={Hill, Terrell L},
  publisher={Dover},
  year={1987}
}


@book{hill1986introduction,
  title={An introduction to statistical thermodynamics},
  author={Hill, Terrell L},
  year={1986},
  publisher={Dover}
}


@book{mcquarrie2000statistical,
	author = {McQuarrie, Donald A.},
	title = {Statistical mechanics},
	publisher = {University Science Books},
	year = {2000.},
	address = {Sausalito, Calif.},
	edition = {1}
}

@book{press1992numerical,
  author    = {William H. Press and
               Saul A. Teukolsky and
               William T. Vetterling and
               Brian P. Flannery},
  title     = {Numerical recipes in {C++:} the art of scientific computing, 2nd Edition},
  publisher = {Cambridge University Press},
  year      = {2002},
  url       = {http://www.worldcat.org/oclc/48241370},
  isbn      = {0521750334},
  timestamp = {Wed, 26 Apr 2017 01:00:00 +0200},
  biburl    = {https://dblp.org/rec/bib/books/lib/Press02},
  bibsource = {dblp computer science bibliography, https://dblp.org}
}


@Misc{scipy,
  author =    {Eric Jones and Travis Oliphant and Pearu Peterson and others},
  title =     {{SciPy}: Open source scientific tools for {Python}},
  year =      {2001--},
  url = "http://www.scipy.org/",
}

@book{jackson2007classical,
  title={Classical electrodynamics},
  author={Jackson, John David},
  year={2007},
  publisher={John Wiley \& Sons}
}
@book{gardiner2009stochastic,
  title={Stochastic methods},
  author={Gardiner, Crispin},
  edition={4},
  year={2009},
  publisher={springer Berlin},
  chapter={4}
}




@book{morse1953methods,
  title={Methods of theoretical physics, Vol II},
  author={Morse, Philip McCord and Feshbach, Herman and others},
  year={1953},
  publisher={McGraw-Hill New York},
  chapter={1}
}


@book{hansen1990theory,
  title={Theory of simple liquids},
  author={Hansen, Jean-Pierre and McDonald, Ian R},
  edition={4},
  year={1990},
  publisher={Elsevier},
}

@book{risken1989fokker_ch10,
  chapter={10},
  title={The Fokker-planck Equation},
  author={Risken, Hannes},
  edition={2},
  year={1989},
  publisher={Springer}
}

@book{risken1989fokker_ch4_2_2,
  chapter={4.2.2},
  title={The Fokker-planck Equation},
  author={Risken, Hannes},
  edition={2},
  year={1989},
  publisher={Springer}
}

@book{dhont1996introduction,
  title={An introduction to dynamics of colloids},
  author={Dhont, Jan KG},
  volume={2},
  year={1996},
  publisher={Elsevier}
}

@book{balakrishnan2008elements,
  title={Elements of nonequilibrium statistical mechanics},
  author={Balakrishnan, Venkataraman},
  year={2008},
  publisher={Ane Books}
}
